%YAML 1.1
%TAG !u! tag:unity3d.com,2011:
--- !u!1 &170682
GameObject:
  m_ObjectHideFlags: 0
  m_PrefabParentObject: {fileID: 0}
  m_PrefabInternal: {fileID: 100100000}
  serializedVersion: 4
  m_Component:
  - 4: {fileID: 446180}
  - 114: {fileID: 11409112}
  - 114: {fileID: 11450418}
  m_Layer: 0
  m_Name: Game Controller
  m_TagString: Untagged
  m_Icon: {fileID: 0}
  m_NavMeshLayer: 0
  m_StaticEditorFlags: 0
  m_IsActive: 1
--- !u!4 &446180
Transform:
  m_ObjectHideFlags: 1
  m_PrefabParentObject: {fileID: 0}
  m_PrefabInternal: {fileID: 100100000}
  m_GameObject: {fileID: 170682}
  m_LocalRotation: {x: 0, y: 0, z: 0, w: 1}
  m_LocalPosition: {x: 0, y: 0, z: 0}
  m_LocalScale: {x: 1, y: 1, z: 1}
  m_Children: []
  m_Father: {fileID: 0}
  m_RootOrder: 0
--- !u!114 &11409112
MonoBehaviour:
  m_ObjectHideFlags: 1
  m_PrefabParentObject: {fileID: 0}
  m_PrefabInternal: {fileID: 100100000}
  m_GameObject: {fileID: 170682}
  m_Enabled: 1
  m_EditorHideFlags: 0
  m_Script: {fileID: 11500000, guid: afa08b6e35d466c4e9124640e746bcab, type: 3}
  m_Name: 
  m_EditorClassIdentifier: 
  isPlayerTurn: 0
  areEnemiesMoving: 0
  playerCurrentHealth: 50
  gameOverSound: {fileID: 8300000, guid: bbdad7cac71eab54fb165d6131d31772, type: 3}
--- !u!114 &11450418
MonoBehaviour:
  m_ObjectHideFlags: 1
  m_PrefabParentObject: {fileID: 0}
  m_PrefabInternal: {fileID: 100100000}
  m_GameObject: {fileID: 170682}
  m_Enabled: 1
  m_EditorHideFlags: 0
  m_Script: {fileID: 11500000, guid: 394b9d94c0c914a46906fb5f6c67fce0, type: 3}
  m_Name: 
  m_EditorClassIdentifier: 
  columns: 10
  rows: 10
  floors:
  - {fileID: 145990, guid: b91d9b9d77675ef418b670c4741b015c, type: 2}
  - {fileID: 183014, guid: f6eda99951d6f4946aca4b2b3662c88e, type: 2}
  - {fileID: 199748, guid: b9718fc81744b274e9fe6c7fe1ae8c52, type: 2}
  - {fileID: 104418, guid: b04fb439bb7553e4a9da8287c5a12b5b, type: 2}
  - {fileID: 145708, guid: ea38637f5b56b3a408fc9e1cdb64d8bd, type: 2}
  - {fileID: 118532, guid: 5cee7105ea32e164cb18a5bb0413d00e, type: 2}
  - {fileID: 153824, guid: 1589cf802db312647a151ac1726b5532, type: 2}
  - {fileID: 158740, guid: e1219c96cc9e15649b0f6fc5278b2e18, type: 2}
  outerWalls:
  - {fileID: 124054, guid: 841b94ad5426c0141b505b2f3ac75d59, type: 2}
  - {fileID: 118654, guid: 6410d35e88805e84daa48748ec9a211d, type: 2}
  - {fileID: 157734, guid: a41293a2a8c4fb546b36403adc135419, type: 2}
  wallObstacles:
  - {fileID: 160608, guid: 616467072a537b74c9b0f3821fd12d99, type: 2}
  - {fileID: 169678, guid: 8a9b2d71603c4064094a0fc3f33574aa, type: 2}
  - {fileID: 129806, guid: 6cc0c40b671ebc54689129d957898f17, type: 2}
  - {fileID: 108558, guid: c38c0adbca7dda744b249224aac37175, type: 2}
  - {fileID: 115988, guid: ed9263cfe8db93f49bad089b55f187b7, type: 2}
  - {fileID: 177796, guid: 061ccc373c57d514a8be59b4710a98c5, type: 2}
  - {fileID: 142874, guid: b2650645525c3e14ba5e8613d12ada6c, type: 2}
  - {fileID: 115986, guid: 0662e77532f57ab418b6abe17fd2a416, type: 2}
  foodItems:
  - {fileID: 110754, guid: 9add45e4c82c679459bfdc9f3646ca86, type: 2}
  - {fileID: 107920, guid: 2c2fe06d6e1a4d64f89523e332f70f9e, type: 2}
  - {fileID: 115378, guid: f9440711534a7d143956828a17174bb5, type: 2}
  enemies:
  - {fileID: 133370, guid: 2d6b398ad3793764095c25314615d1fb, type: 2}
  - {fileID: 108792, guid: 6dfee813e78584440941dcbcce5aa20f, type: 2}
  - {fileID: 181504, guid: 0d4e128f03ee162449173e5d78df68e4, type: 2}
  exit: {fileID: 183300, guid: 77a47635784bc0d458230aec08785697, type: 2}
--- !u!1001 &100100000
Prefab:
  m_ObjectHideFlags: 1
  serializedVersion: 2
  m_Modification:
    m_TransformParent: {fileID: 0}
    m_Modifications: []
    m_RemovedComponents: []
  m_ParentPrefab: {fileID: 0}
  m_RootGameObject: {fileID: 170682}
  m_IsPrefabParent: 1
